<?xml version="1.0" encoding="UTF-8"?><collection xmlns="http://www.loc.gov/MARC21/slim"><record><leader>00529nam--2200181-i-4500</leader><controlfield tag="001">000035481</controlfield><controlfield tag="002">20161230</controlfield><controlfield tag="005">20161230201040</controlfield><controlfield tag="008">060222s1000------------r-----000-0-eng-d</controlfield><datafield ind1=" " ind2=" " tag="040"><subfield code="a">IFIN-HH</subfield></datafield><datafield ind1=" " ind2=" " tag="080"><subfield code="a">53</subfield></datafield><datafield ind1="1" ind2=" " tag="100"><subfield code="a">Padgham, C.A</subfield></datafield><datafield ind1="1" ind2="0" tag="245"><subfield code="a">Subjective limitations on physical measurements</subfield><subfield code="c">C.a. padgham</subfield></datafield><datafield ind1=" " ind2=" " tag="260"><subfield code="a">London</subfield><subfield code="b">Chapman And Hall</subfield><subfield code="c">1965</subfield></datafield><datafield ind1=" " ind2=" " tag="300"><subfield code="a">XI + 78P</subfield></datafield><datafield ind1=" " ind2=" " tag="490"><subfield code="a">The Institute Of Physics And The Physical Society. Monographs For Students</subfield></datafield><datafield ind1=" " ind2=" " tag="852"><subfield code="a">22344</subfield><subfield code="c">53.08</subfield></datafield><datafield ind1=" " ind2=" " tag="CAT"><subfield code="a">Sys</subfield><subfield code="c">20151027</subfield><subfield code="h">152749</subfield></datafield></record></collection>